<?xml version="1.0" encoding="UTF-8"?><collection xmlns="http://www.loc.gov/MARC21/slim"><record><leader>00385nam--2200133-i-4500</leader><controlfield tag="001">000029811</controlfield><controlfield tag="002">20161230</controlfield><controlfield tag="005">20161230201037</controlfield><controlfield tag="008">060222s1000------------r-----000-0-eng-d</controlfield><datafield ind1=" " ind2=" " tag="080"><subfield code="a">621.741.5</subfield></datafield><datafield ind1=" " ind2=" " tag="100"><subfield code="a">Lovicicov, V.S., Militin, K.N.Si Suvorov, A.M</subfield></datafield><datafield ind1=" " ind2=" " tag="245"><subfield code="a">Topirea si turnarea metalelor si aliajelor neferoase</subfield></datafield><datafield ind1=" " ind2=" " tag="260"><subfield code="a">Bucuresti, Ed.Tehnica, 1958, 587p.+ Erata</subfield></datafield><datafield ind1=" " ind2=" " tag="852"><subfield code="a">5242</subfield></datafield></record></collection>